<?xml version="1.0" encoding="UTF-8"?><record xmlns="http://www.loc.gov/MARC21/slim" xmlns:cinclude="http://apache.org/cocoon/include/1.0" xmlns:zs="http://www.loc.gov/zing/srw/">
  <leader>00487nz  a2200133n  4500</leader>
  <controlfield tag="001">nr 92011410 </controlfield>
  <controlfield tag="003">DLC</controlfield>
  <controlfield tag="005">19920325055201.6</controlfield>
  <controlfield tag="008">920324n| acannaab|          |a ana     c</controlfield>
  <datafield tag="010" ind1=" " ind2=" ">
    <subfield code="a">nr 92011410 </subfield>
  </datafield>
  <datafield tag="040" ind1=" " ind2=" ">
    <subfield code="a">PPL</subfield>
    <subfield code="c">PPL</subfield>
  </datafield>
  <datafield tag="110" ind1="2" ind2="0">
    <subfield code="a">Muncy &amp; Monroe Turnpike Road Company</subfield>
  </datafield>
  <datafield tag="410" ind1="2" ind2="0">
    <subfield code="a">Muncy and Monroe Turnpike Road Company</subfield>
  </datafield>
  <datafield tag="670" ind1=" " ind2=" ">
    <subfield code="a">Its Report of the president and managers, to the stockholders of the Muncy &amp; Monroe Turnpike Road Company, 1833:</subfield>
    <subfield code="b">p. 3 (Muncy and Monroe Turnpike Road Company)</subfield>
  </datafield>
</record>